% Bibliography for The Orchestrated Diamond paper
% Complete BibTeX entries for all 74 references

@misc{nationaljurist2025ai,
  title={AI enters the classroom as law schools prep students for a tech-driven practice},
  url={https://nationaljurist.com/prelaw/ai-enters-the-classroom-as-law-schools-prep-students-for-a-tech-driven-practice/},
  urldate={2025-07-27},
  year={2025}
}

@misc{disco2025ai,
  title={How to Use AI to Enhance Engagement and Improve Learning Outcomes},
  url={https://www.disco.co/blog/how-to-use-ai-to-enhance-engagement-and-improve-learning-outcomes},
  urldate={2025-07-27},
  year={2025}
}

@misc{arxiv2025human,
  title={Human-in-the-loop or AI-in-the-loop? Automate or Collaborate?},
  url={https://arxiv.org/html/2412.14232v1},
  urldate={2025-07-27},
  year={2025}
}

@misc{ibm2025ai,
  title={AI in the Loop vs Human in the Loop: A Technical Analysis of Hybrid Systems},
  url={https://community.ibm.com/community/user/blogs/anuj-bahuguna/2025/05/25/ai-in-the-loop-vs-human-in-the-loop},
  urldate={2025-07-27},
  year={2025}
}

@misc{isjtrend2025ai,
  title={Integrating Artificial Intelligence into Design Thinking: A Comprehensive Examination of the Principles and Potentialities of AI for Design Thinking Framework},
  url={https://www.isjtrend.com/article_199162.html},
  urldate={2025-07-27},
  year={2025}
}

@misc{ideou2025intersection,
  title={The Intersection of Design Thinking and AI: Enhancing Innovation},
  url={https://www.ideou.com/blogs/inspiration/ai-and-design-thinking},
  urldate={2025-07-27},
  year={2025}
}

@misc{researchgate2025design,
  title={Design Thinking and AI: A New Frontier for Designing Human-Centered AI Solutions},
  url={https://www.researchgate.net/publication/362317934_Design_Thinking_and_AI_A_New_Frontier_for_Designing_Human-Centered_AI_Solutions},
  urldate={2025-07-27},
  year={2025}
}

@misc{researchgate2025triple,
  title={Triple diamond framework (source: authors) - Download Scientific Diagram},
  url={https://www.researchgate.net/figure/Triple-diamond-framework-source-authors_fig1_347731659},
  urldate={2025-07-27},
  year={2025}
}

@misc{equalexperts2025innovation,
  title={Innovation by Design - Evolving the Double Diamond},
  url={https://www.equalexperts.com/blog/our-thinking/innovation-by-design-evolving-double-diamond/},
  urldate={2025-07-27},
  year={2025}
}

@misc{semanticscholar2025triple,
  title={Triple Diamond method for problem solving and design thinking. Rubric validation},
  url={https://pdfs.semanticscholar.org/cdf2/3133ec2bb071646dd34cfe038504edc681cd.pdf},
  urldate={2025-07-27},
  year={2025}
}

@misc{reddit2025double,
  title={The double diamond is overrated and breeds unfeasible solutions, change my mind},
  url={https://www.reddit.com/r/UserExperienceDesign/comments/ts32yw/the_double_diamond_is_overrated_and_breeds/},
  urldate={2025-07-27},
  year={2025}
}

@misc{smartinterface2025double,
  title={Double Diamond Is Not How Most Companies Work},
  url={https://smart-interface-design-patterns.com/articles/double-diamond-process/},
  urldate={2025-07-27},
  year={2025}
}

@misc{uxdesign2025why,
  title={Why the double diamond isn't enough},
  author={adam23gray},
  url={https://uxdesign.cc/why-the-double-diamond-isnt-enough-adaa48a8aec1},
  urldate={2025-07-27},
  year={2025}
}

@misc{ibm2025orchestration,
  title={What is AI Orchestration?},
  url={https://www.ibm.com/think/topics/ai-orchestration},
  urldate={2025-07-27},
  year={2025}
}

@misc{simplified2025orchestration,
  title={What is AI Orchestration? A Clear Guide for Modern AI Workflows},
  url={https://simplified.com/blog/automation/ai-orchestration},
  urldate={2025-07-27},
  year={2025}
}

@misc{architecturecourses2025ai,
  title={AI in Architectural Design - Real-World Examples},
  url={https://www.architecturecourses.org/ai/ai-architectural-design-real-world-examples},
  urldate={2025-07-27},
  year={2025}
}

@misc{saidigital2025maximizing,
  title={Maximizing AI Investment: A Guide to Measuring ROI Effectively},
  url={https://www.sai-digital.com/articles/Measuring-the-ROI-of-AI},
  urldate={2025-07-27},
  year={2025}
}

@misc{lmi2025trust,
  title={Trust and UI Design: The Heart of Human-AI Teaming},
  url={https://lmisolutions.com/blog/trust-and-ui-design-heart-human-ai-teaming},
  urldate={2025-07-27},
  year={2025}
}

@misc{researchgate2025collaboration,
  title={Human-AI collaboration by design},
  url={https://www.researchgate.net/publication/380658063_Human-AI_collaboration_by_design},
  urldate={2025-07-27},
  year={2025}
}

@misc{itbrief2025future,
  title={Looking ahead: The future of AI-driven workflows},
  url={https://itbrief.com.au/story/looking-ahead-the-future-of-ai-driven-workflows},
  urldate={2025-07-27},
  year={2025}
}

@misc{nice2025forrester,
  title={Forrester Report: Agentic AI Turns Generative AI Words into Action},
  url={https://www.nice.com/resources/forrester-report-with-agentic-ai-generative-ai-is-evolving-from-words-to-actions},
  urldate={2025-07-27},
  year={2025}
}

@misc{sap2025interface,
  title={Where did the interface go},
  url={https://www.sap.com/design/stories-resources/where-did-the-interface-go},
  urldate={2025-07-27},
  year={2025}
}

@misc{cogleus2025rise,
  title={The Rise of AI and Automation in Enterprise System Functionality - Enhancing Operations for the Future},
  url={https://cogleus.com/the-rise-of-ai-and-automation-in-enterprise-system-functionality-enhancing-operations-for-the-future/},
  urldate={2025-07-27},
  year={2025}
}

@misc{researchgate2025evolution,
  title={The Evolution of Automation in IT Operations: From Basic Scripts to AI-Powered Solutions},
  url={https://www.researchgate.net/publication/388910312_The_Evolution_of_Automation_in_IT_Operations_From_Basic_Scripts_to_AI-Powered_Solutions},
  urldate={2025-07-27},
  year={2025}
}

@misc{hexaware2025intelligent,
  title={How Intelligent Process Automation is Revolutionizing Enterprise Operations},
  url={https://hexaware.com/blogs/intelligent-process-automation-revolutionizing-enterprise-operations/},
  urldate={2025-07-27},
  year={2025}
}

@misc{mckinsey2025state,
  title={The state of AI: How organizations are rewiring to capture value},
  url={https://www.mckinsey.com/capabilities/quantumblack/our-insights/the-state-of-ai},
  urldate={2025-07-27},
  year={2025}
}

@misc{gartner2025generative,
  title={Generative AI: What Is It, Tools, Models, Applications and Use Cases},
  url={https://www.gartner.com/en/topics/generative-ai},
  urldate={2025-07-27},
  year={2025}
}

@misc{wikipedia2025double1,
  title={Double Diamond (design process model)},
  url={https://en.wikipedia.org/wiki/Double_Diamond_(design_process_model)#:~:text=Double%20Diamond%20is%20the%20name,B%C3%A1n%C3%A1thy.},
  urldate={2025-07-27},
  year={2025}
}

@misc{wikipedia2025double2,
  title={Double Diamond (design process model) - Wikipedia},
  url={https://en.wikipedia.org/wiki/Double_Diamond_(design_process_model)},
  urldate={2025-07-27},
  year={2025}
}

@misc{designcouncil2025history,
  title={History of the Double Diamond},
  url={https://www.designcouncil.org.uk/our-resources/the-double-diamond/history-of-the-double-diamond/},
  urldate={2025-07-27},
  year={2025}
}

@misc{medium2025double,
  title={The Double Diamond design process --- still fit for purpose?},
  url={https://medium.com/design-council/the-double-diamond-design-process-still-fit-for-purpose-fc619bbd2ad3},
  urldate={2025-07-27},
  year={2025}
}

@misc{medium2025symbiotic,
  title={Symbiotic Intelligence: The Future Where Humans and AI Unite},
  author={Eddi Weinwurm},
  url={https://medium.com/@weinwurm/symbiotic-intelligence-the-future-where-humans-and-ai-unite-0e64eaec6ea1},
  urldate={2025-07-27},
  year={2025}
}

@misc{maze2025double,
  title={The Double Diamond Process: From Problems to Solutions},
  url={https://maze.co/blog/double-diamond-design-process/},
  urldate={2025-07-27},
  year={2025}
}

@misc{danramsden2025limitations,
  title={The limitations of the Double Diamond},
  author={Dan Ramsden},
  url={https://danramsden.com/2023/07/26/the-limitations-of-the-double-diamond/},
  urldate={2025-07-27},
  year={2023}
}

@misc{klaxoon2025double,
  title={The Double Diamond method: its history and current uses},
  url={https://klaxoon.com/insight/the-double-diamond-method-its-history-and-current-uses},
  urldate={2025-07-27},
  year={2025}
}

@misc{eleken2025product,
  title={What Exactly Is Product Design},
  url={https://www.eleken.co/blog-posts/what-is-product-design},
  urldate={2025-07-27},
  year={2025}
}

@misc{bilotta2025model,
  title={Model Context Protocol: Taming the AI Beast Without a PhD},
  author={Johnny Bilotta},
  url={https://johnnybilotta.com/post/250515-mcp-taming-the-ai-beast/},
  urldate={2025-07-27},
  year={2025}
}

@misc{googlecloud2025hitl,
  title={What is Human-in-the-Loop (HITL) in AI \& ML},
  url={https://cloud.google.com/discover/human-in-the-loop},
  urldate={2025-07-27},
  year={2025}
}

@misc{pmc2025hitl,
  title={Putting a human in the loop: Increasing uptake, but decreasing accuracy of automated decision-making},
  url={https://pmc.ncbi.nlm.nih.gov/articles/PMC10857587/},
  urldate={2025-07-27},
  year={2025}
}

@misc{aimagazine2025mixed,
  title={Mixed-Initiative Systems for Collaborative Problem Solving},
  url={https://ojs.aaai.org/aimagazine/index.php/aimagazine/article/view/2037},
  urldate={2025-07-27},
  year={2025}
}

@misc{researchgate2025boosting,
  title={Boosting Mixed-Initiative Co-Creativity in Game Design: A Tutorial},
  url={https://www.researchgate.net/publication/377435724_Boosting_Mixed-Initiative_Co-Creativity_in_Game_Design_A_Tutorial},
  urldate={2025-07-27},
  year={2025}
}

@misc{goldsmiths2025mixed,
  title={On Mixed-Initiative Content Creation for Video Games},
  url={https://research.gold.ac.uk/id/eprint/38005/1/On_Mixed-Initiative_Content_Creation_for_Video_Games.pdf},
  urldate={2025-07-27},
  year={2025}
}

@misc{ceurws2025beyond,
  title={Beyond Following: Mixing Active Initiative into Computational Creativity},
  url={https://ceur-ws.org/Vol-3926/paper6.pdf},
  urldate={2025-07-27},
  year={2025}
}

@misc{researchgate2025implications,
  title={Design implications for Designing with a Collaborative AI},
  url={https://www.researchgate.net/publication/318900744_Design_implications_for_Designing_with_a_Collaborative_AI},
  urldate={2025-07-27},
  year={2025}
}

@misc{pmc2025defining,
  title={Defining human-AI teaming the human-centered way: a scoping review and network analysis},
  url={https://pmc.ncbi.nlm.nih.gov/articles/PMC10570436/},
  urldate={2025-07-27},
  year={2025}
}

@misc{automationanywhere2025collaborative,
  title={Collaborative Intelligence Explained: How Humans and AI Work Smarter Together},
  url={https://www.automationanywhere.com/company/blog/automation-ai/collaborative-intelligence-explained-how-humans-and-ai-work-smarter},
  urldate={2025-07-27},
  year={2025}
}

@misc{tandfonline2025collaborative,
  title={Collaborative Intelligence: A Scoping Review Of Current Applications},
  url={https://www.tandfonline.com/doi/full/10.1080/08839514.2024.2327890},
  urldate={2025-07-27},
  year={2024}
}

@misc{smythos2025exploring,
  title={Exploring Human-AI Collaboration in Creative Industries},
  url={https://smythos.com/ai-trends/human-ai-collaboration-in-creative-industries/},
  urldate={2025-07-27},
  year={2025}
}

@misc{invozone2025collaborative,
  title={Collaborative Intelligence - How Humans \& AI Work Together?},
  url={https://invozone.com/blog/collaborative-intelligence/},
  urldate={2025-07-27},
  year={2025}
}

@misc{medium2025navigating,
  title={Navigating the Era of Collaborative Intelligence: Humans and AI in Concert},
  url={https://medium.com/@techmsy/navigating-the-era-of-collaborative-intelligence-humans-and-ai-in-concert-e95cc65070a8},
  urldate={2025-07-27},
  year={2025}
}

@misc{aimultiple2025conversational,
  title={Conversational UI: 6 Best Practices in 2025},
  url={https://research.aimultiple.com/conversational-ui/},
  urldate={2025-07-27},
  year={2025}
}

@misc{cuny2025combining,
  title={Combining Design Thinking and Generative AI Technologies in The Classroom: A Project-Based Learning Approach},
  url={https://cuny.manifoldapp.org/read/combining-design-thinking-and-generative-ai-technologies-in-the-classroom/section/52735f7f-8a08-4690-8926-a08ba5e8cf73},
  urldate={2025-07-27},
  year={2025}
}

@misc{ibm2025workflow,
  title={AI Workflow},
  url={https://www.ibm.com/think/topics/ai-workflow},
  urldate={2025-07-27},
  year={2025}
}

@misc{ipm2025impact,
  title={The Impact of AI on Team Development},
  url={https://instituteprojectmanagement.com/blog/the-impact-of-ai-on-team-development/},
  urldate={2025-07-27},
  year={2025}
}

@misc{datacamp2025roi,
  title={ROI of AI: Key Drivers, KPIs \& Challenges},
  url={https://www.datacamp.com/blog/roi-of-ai},
  urldate={2025-07-27},
  year={2025}
}

@misc{researchgate2025thinking,
  title={Design Thinking with AI},
  url={https://www.researchgate.net/publication/381977036_Design_Thinking_with_AI},
  urldate={2025-07-27},
  year={2025}
}

@misc{researchgate2025impact,
  title={The Impact of Artificial Intelligence on Design: Enhancing Creativity and Efficiency},
  url={https://www.researchgate.net/publication/384953179_The_Impact_of_Artificial_Intelligence_on_Design_Enhancing_Creativity_and_Efficiency},
  urldate={2025-07-27},
  year={2025}
}

@misc{forrester2025design,
  title={Design GenAI-Powered Experiences Responsibly},
  url={https://www.forrester.com/blogs/design-genai-powered-experiences-responsibly/},
  urldate={2025-07-27},
  year={2025}
}

@misc{logrocket2025designers,
  title={Here's how designers are using AI in product design},
  url={https://blog.logrocket.com/ux-design/how-designers-use-ai-product-design/},
  urldate={2025-07-27},
  year={2025}
}

@misc{frontiers2025developing,
  title={Developing a design thinking artificial intelligence driven auto-marking/grading system for assessments to reduce the workload},
  url={https://www.frontiersin.org/journals/education/articles/10.3389/feduc.2024.1512569/pdf},
  urldate={2025-07-27},
  year={2024}
}

@misc{aecassociates2025transforming,
  title={How AI Is Transforming Sustainable Architectural Design In The USA},
  url={https://theaecassociates.com/blog/ai-sustainable-architectural-design/},
  urldate={2025-07-27},
  year={2025}
}

@misc{unesco2025ethics,
  title={Ethics of Artificial Intelligence},
  url={https://www.unesco.org/en/artificial-intelligence/recommendation-ethics},
  urldate={2025-07-27},
  year={2025}
}

@misc{onething2025intersection,
  title={Intersection between Design Thinking \& AI Thinking},
  url={https://www.onething.design/post/ai-thinking-in-design},
  urldate={2025-07-27},
  year={2025}
}

@misc{mindinventory2025role,
  title={The Role of AI In Product Development: A Detailed Analysis},
  url={https://www.mindinventory.com/blog/ai-in-product-development/},
  urldate={2025-07-27},
  year={2025}
}

@misc{renascence2025case,
  title={Case Studies: Successful Customer Experience (CX) with AI Implementation},
  url={https://www.renascence.io/journal/case-studies-successful-customer-experience-cx-with-ai-implementation},
  urldate={2025-07-27},
  year={2025}
}

@misc{vktr2025ai,
  title={5 AI Case Studies in Education},
  url={https://www.vktr.com/ai-disruption/5-ai-case-studies-in-education/},
  urldate={2025-07-27},
  year={2025}
}

@misc{easelearning2025ai,
  title={6 AI Use Cases in Educational Content Creation},
  url={https://easelearning.com/all-posts/6-ai-use-cases-in-educational-content-creation/},
  urldate={2025-07-27},
  year={2025}
}

@misc{axonpark2025effective,
  title={How Effective is AI in Education? 10 Case Studies and Examples},
  url={https://axonpark.com/how-effective-is-ai-in-education-10-case-studies-and-examples/},
  urldate={2025-07-27},
  year={2025}
}

@misc{fuselab2025workflow,
  title={AI Workflow UI: Design, Management \& Automation},
  url={https://fuselabcreative.com/ai-workflow-ui-design-management-automation/},
  urldate={2025-07-27},
  year={2025}
}

@misc{uschamber2025teaming,
  title={Human-AI Teaming: Definition, Strategies, and More},
  url={https://www.uschamber.com/co/run/technology/human-ai-teaming},
  urldate={2025-07-27},
  year={2025}
}

@misc{openai2025chatgpt,
  title={Introducing ChatGPT agent: bridging research and action},
  url={https://openai.com/index/introducing-chatgpt-agent/},
  urldate={2025-07-27},
  year={2025}
}

@misc{triplewhale2025agentic,
  title={Agentic Workflows: How Autonomous AI Executes Complex Tasks},
  url={https://www.triplewhale.com/blog/agentic-workflows},
  urldate={2025-07-27},
  year={2025}
}

@misc{nasscom2025ui,
  title={No UI is the New UI : Towards Future Transparent Interactions},
  url={https://community.nasscom.in/communities/emerging-tech/no-ui-new-ui-towards-future-transparent-interactions},
  urldate={2025-07-27},
  year={2025}
}

@misc{medium2025end,
  title={The end of UI as we know it. How AI is shaping a future beyond traditional interfaces},
  author={Remco Snijders},
  url={https://medium.com/design-bootcamp/the-end-of-ui-as-we-know-it-c5ec6e983aa1},
  urldate={2025-07-27},
  year={2025}
}